@MISC{p2pkit,
  title = {{p2pkit by Uepaa}},
  howpublished = {\url{http://p2pkit.io/}},
  note = {Accessed on 12 Nov 2015}
}

@MISC{firebase,
  title = {{Firebase}},
  howpublished = {\url{https://www.firebase.com/}},
  note = {Accessed on 12 Nov 2015}
}

@MISC{firebase_app_engine_tutorial,
  title = {{Firebase App Engine Tutorial}},
  howpublished = {\url{https://www.firebase.com/blog/2015-10-01-firebase-android-app-engine-tutorial.html}},
  note = {Accessed on 12 Nov 2015}
}

@MISC{gcm_template,
  title = {{"App Engine Backend with Google Cloud Messaging" Template}},
  howpublished = {\url{https://github.com/GoogleCloudPlatform/gradle-appengine-templates/tree/master/GcmEndpoints}},
  note = {Accessed on 12 Nov 2015}
}

@MISC{nearby,
  title = {{Google Nearby Messages}},
  howpublished = {\url{https://developers.google.com/nearby/}, see youtube video at start page},
  note = {Accessed on 12 Nov 2015}
}

@MISC{stackoverflow,
  title = {{Stack overflow}},
  howpublished = {\url{http://stackoverflow.com/a/27325402}},
  note = {Accessed on 12 Nov 2015}
}

@MISC{google_app_engine,
  title = {{Google App Engine}},
  howpublished = {\url{https://cloud.google.com/appengine/docs}},
  note = {Accessed on 12 Nov 2015}
}

@MISC{firebase_java,
  title = {{Firebase Java API}},
  howpublished = {\url{https://www.firebase.com/docs/android/api/}},
  note = {Accessed on 12 Nov 2015}
}

@MISC{firebase_javascript,
  title = {{Firebase Javascript API}},
  howpublished = {\url{https://www.firebase.com/docs/web/api/}},
  note = {Accessed on 12 Nov 2015}
}

@MISC{firebase_rest,
  title = {{Firebase REST API}},
  howpublished = {\url{https://www.firebase.com/docs/rest/}},
  note = {Accessed on 12 Nov 2015}
}

@MISC{android_wifi_p2p,
  title = {{Android Wifi Peer-to-Peer}},
  howpublished = {\url{http://developer.android.com/guide/topics/connectivity/wifip2p.html}},
  note = {Accessed on 12 Nov 2015}
}

@MISC{google_cloud_endpoints,
  title = {{Google Cloud Endpoints}},
  howpublished = {\url{https://cloud.google.com/appengine/docs/python/endpoints/}},
  note = {Accessed on 12 Nov 2015}
}

@MISC{google_cloud_endpoints_android,
  title = {{Google Cloud Endpoints Android API}},
  howpublished = {\url{https://cloud.google.com/appengine/docs/java/endpoints/consume_android}},
  note = {Accessed on 12 Nov 2015}
}

@MISC{google_cloud_messaging,
  title = {{Google Cloud Messaging}},
  howpublished = {\url{https://developers.google.com/cloud-messaging/downstream}},
  note = {Accessed on 12 Nov 2015}
}

@MISC{google_cloud_messaging_android,
  title = {{Google Cloud Messaging Android API}},
  howpublished = {\url{https://cloud.google.com/tools/android-studio/messaging/add_module}},
  note = {Accessed on 12 Nov 2015}
}

@MISC{firebase_token_generator,
  title = {{Firebase Token Generator}},
  howpublished = {\url{https://github.com/firebase/firebase-token-generator-python}},
  note = {Accessed on 12 Nov 2015}
}

@BOOK{hello,
  title={Hello, Android: introducing Google's mobile development platform},
  author={Burnette, Ed},
  year={2010},
  publisher={Pragmatic Bookshelf},
  edition=3
}

@MISC{devServices,
  title = {{Services: Sending Notifications to the User}},
  howpublished = {\url{http://developer.android.com/guide/components/services.html#Notifications}},
  note = {Accessed on 29 Aug 2013}
}

@MISC{estimote,
  title = {{Estimote}},
  howpublished = {\url{http://estimote.com/}},
  note = {Accessed on 26 Oct 2015}
}

@PHDTHESIS{REST,
author = {Fielding, Roy Thomas},
school = {UC Irvine},
title = {{Architectural Styles and the Design of Network-based Software Architectures}},
type = {PhD Thesis},

year = {2000}
}

@MISC{RFC2616,
  author = {R. Fielding and J. Gettys and J. Mogul and H. Frystyk and L. Masinter and P. Leach and T. Berners-Lee},
  title = {{Hypertext Transfer Protocol -- HTTP/1.1}},
  howpublished = {RFC 2616},
  year = {1999},
  url = {http://tools.ietf.org/html/rfc2616}
}

@INPROCEEDINGS{WoTarch,
  author = {Dominique Guinard and Vlad Trifa and Erik Wilde},
  title = {{A Resource Oriented Architecture for the Web of Things}},
  booktitle = {Proc. IoT},
  year = {2010},
  address = {Tokyo, Japan}
}
